<?xml version="1.0" encoding="UTF-8"?><record xmlns="http://www.loc.gov/MARC21/slim" xmlns:cinclude="http://apache.org/cocoon/include/1.0" xmlns:zs="http://www.loc.gov/zing/srw/">
  <leader>00428nz  a2200133n  4500</leader>
  <controlfield tag="001">n  84140401 </controlfield>
  <controlfield tag="003">DLC</controlfield>
  <controlfield tag="005">19841018132024.0</controlfield>
  <controlfield tag="008">840917n| acannaab|          |a ana ||| c</controlfield>
  <datafield tag="010" ind1=" " ind2=" ">
    <subfield code="a">n  84140401 </subfield>
  </datafield>
  <datafield tag="040" ind1=" " ind2=" ">
    <subfield code="a">DGPO</subfield>
    <subfield code="c">DLC</subfield>
    <subfield code="d">DLC</subfield>
  </datafield>
  <datafield tag="110" ind1="1" ind2="0">
    <subfield code="a">United States.</subfield>
    <subfield code="t">Joint Resolution to Designate July 9, 1984, as "African Refugees Relief Day"</subfield>
  </datafield>
  <datafield tag="410" ind1="1" ind2="0">
    <subfield code="a">United States.</subfield>
    <subfield code="t">Public Law 98-351</subfield>
  </datafield>
  <datafield tag="670" ind1=" " ind2=" ">
    <subfield code="a">Its Joint Resolution to Designate ... 1984.</subfield>
  </datafield>
</record>